@TechReport{pbn21,
  author = 	 {Tis Veugen and Kaj G. Backas},
  title = 	 {Portable Bridge Notation (PBN), version 2.1},
  institution =  {Internet newsgroup rec.games.bridge},
  year = 	 2007,
  month =        {17 May},
  note =         {Accessible via http://www.tistis.nl/pbn/}
  }



